<record><leader>00000cas a2200000 a 4500</leader><controlfield tag="001">12308176</controlfield><controlfield tag="008">850726d18681967mouwr ne      0    0eng d</controlfield><datafield ind1=" " ind2=" " tag="010"><subfield code="a">sn 85033893 </subfield></datafield><datafield ind1=" " ind2=" " tag="040"><subfield code="a">NPU</subfield><subfield code="b">eng</subfield><subfield code="c">NPU</subfield><subfield code="d">NPX</subfield><subfield code="d">MQN</subfield><subfield code="d">KNP</subfield><subfield code="d">OCL</subfield><subfield code="d">OCLCQ</subfield></datafield><datafield ind1=" " ind2=" " tag="042"><subfield code="a">msc</subfield></datafield><datafield ind1="0" ind2=" " tag="130"><subfield code="a">Henry County democrat (Clinton, Mo. : 1868)</subfield></datafield><datafield ind1="1" ind2="0" tag="245"><subfield code="a">Henry County democrat.</subfield></datafield><datafield ind1=" " ind2=" " tag="260"><subfield code="a">Clinton, Mo. :</subfield><subfield code="b">A.D. Ladue &amp; Co.</subfield></datafield><datafield ind1=" " ind2=" " tag="300"><subfield code="a">v. ;</subfield><subfield code="c">70 cm.</subfield></datafield><datafield ind1=" " ind2=" " tag="310"><subfield code="a">Weekly</subfield></datafield><datafield ind1="1" ind2=" " tag="362"><subfield code="a">Began in 1868.</subfield><subfield code="z">Cf. Gregory, W. Amer. newspapers.</subfield></datafield><datafield ind1="1" ind2=" " tag="362"><subfield code="a">Ceased with May 18, 1967 issue.</subfield><subfield code="z">Cf. NIM.</subfield></datafield><datafield ind1=" " ind2=" " tag="580"><subfield code="a">Daily ed.: Daily democrat (Clinton, Mo.), &lt;Oct. 18, 1893&gt;-Jan. 28, 1898; Clinton daily democrat, Jan. 29, 1898-May 18, 1967.</subfield></datafield><datafield ind1=" " ind2=" " tag="588"><subfield code="a">Description based on: Vol. 2, no. 42 (June 24, 1869).</subfield></datafield><datafield ind1=" " ind2="4" tag="651"><subfield code="a">Clinton (Mo.)</subfield><subfield code="v">Newspapers.</subfield></datafield><datafield ind1=" " ind2=" " tag="752"><subfield code="a">United States</subfield><subfield code="b">Missouri</subfield><subfield code="c">Henry</subfield><subfield code="d">Clinton.</subfield></datafield><datafield ind1="1" ind2=" " tag="775"><subfield code="t">Daily democrat (Clinton, Mo.)</subfield><subfield code="w">(DLC)sn 89066840</subfield></datafield><datafield ind1="1" ind2=" " tag="775"><subfield code="t">Clinton daily democrat</subfield><subfield code="w">(DLC)sn 86063303</subfield></datafield><datafield ind1="1" ind2=" " tag="029"><subfield code="a">AU@</subfield><subfield code="b">000020383603</subfield></datafield></record>